@article{interpolation,
	Author = {Jean-Paul Berrut and Lloyd N. Trefethen},
	Title = {Barycentric Lagrange Interpolation },
	Journal = {Society for Industrial and Applied Mathematics },
	Volume = {46},
	Pages = {501-517},
	Year = {2004}
}
